@misc{AMMandLVR,
	author       = {Jason Milionis and Ciamac C. Moallemi and Tim Roughgarden and Anthony Lee Zhang},
	title        = {Automated Market Making and Loss-Versus-Rebalancing},
	year         = {2024},
		journal      = {arXiv preprint},
	 howpublished = {arXiv:2208.06046v5 [q-fin.MF]},
	eprint       = {2208.06046},
	eprinttype   = {arXiv},
	url          = {https://arxiv.org/pdf/2208.060469}
}

@misc{CrocSwap2023,
	author       = {0xfbifemboy},
	title        = {Impermanent Loss and JIT Liquidity in the Uniswap ETH/USDC 0.3\% Pool},
	howpublished = {Medium},
	year         = {2023},
	url          = {https://crocswap.medium.com/impermanent-loss-and-jit-liquidity-in-the-uniswap-eth-usdc-0-3-pool-8fc58c755d7},
	note         = {Accessed: 2025-07-05}
}

@techreport{MaverickAMM2023,
	author       = {{Maverick Protocol}},
	title        = {Dynamic Distribution AMM: Technical Introduction},
	institution  = {Maverick Protocol},
	year         = {2023},
	url          = {https://medium.com/maverick-protocol/introducing-maverick-a-protocol-for-decentralized-permissionless-trading-and-staking-of-any-asset-40b2a8bb1d54}
}

@article{Cowswap2025,
	author       = {Andrea Canidio and Robin Fritsch},
	title        = {Arbitrageurs' profits, LVR, and sandwich attacks: batch trading as an AMM design response},
	howpublished = {arXiv:2307.02074v6 [cs.DC]},
	journal      = {arXiv preprint},
	year         = {2025},
	eprint       = {2307.02074},
	eprinttype   = {arXiv},
	url          = {https://arxiv.org/abs/2307.02074},
}

@misc{Balancer2019,
	author = {Martinelli, Fernando and Mushegian, Nikolai},
	title  = {Balancer Whitepaper},
	year   = {2019},
	url    = {https://docs.balancer.fi/whitepaper.pdf}
}

@techreport{Orbital2025,
	author      = {White, Dave and Robinson, Dan and Moallemi, Ciamac},
	title       = {Orbital: An Automated Market Maker for Multi-Asset Stablecoin Pools},
	institution = {Paradigm},
	year        = {2025},
	month       = {Jun},
	date        = {2025-06-02},
	type        = {Whitepaper},
	url         = {https://www.paradigm.xyz/2025/06/orbital},
	note        = {Accessed: 2025-07-05},
}